<record><leader>00000cas a22000007a 4500</leader><controlfield tag="001">14389749</controlfield><controlfield tag="008">861013d19761992inuir ne      0    0eng d</controlfield><datafield ind1=" " ind2=" " tag="010"><subfield code="a">sn 86059054 </subfield></datafield><datafield ind1=" " ind2=" " tag="040"><subfield code="a">NPI</subfield><subfield code="b">eng</subfield><subfield code="c">NPI</subfield><subfield code="d">OCLCQ</subfield></datafield><datafield ind1=" " ind2=" " tag="042"><subfield code="a">msc</subfield></datafield><datafield ind1="0" ind2="0" tag="245"><subfield code="a">Berne tri-weekly news.</subfield></datafield><datafield ind1=" " ind2=" " tag="260"><subfield code="a">Berne, Ind. :</subfield><subfield code="b">[s.n.],</subfield><subfield code="c">1976-1992.</subfield></datafield><datafield ind1=" " ind2=" " tag="300"><subfield code="a">17 v. :</subfield><subfield code="b">ill. ;</subfield><subfield code="c">58 cm.</subfield></datafield><datafield ind1=" " ind2=" " tag="310"><subfield code="a">Three issues per week</subfield></datafield><datafield ind1="0" ind2=" " tag="362"><subfield code="a">Vol. 80, no. 193 (Aug. 16, 1976)-v. 96, no. 152 (Dec. 30, 1992).</subfield></datafield><datafield ind1=" " ind2=" " tag="752"><subfield code="a">United States</subfield><subfield code="b">Indiana</subfield><subfield code="c">Adams</subfield><subfield code="d">Berne.</subfield></datafield><datafield ind1="0" ind2="0" tag="780"><subfield code="t">Adams County sun &amp; Berne daily witness</subfield><subfield code="w">(DLC)sn 86059049</subfield><subfield code="w">(OCoLC)14389734</subfield></datafield><datafield ind1="0" ind2="0" tag="785"><subfield code="t">Berne tri-weekly</subfield><subfield code="w">(DLC)sn 99063505</subfield></datafield></record>